@inproceedings{hoffman2010bayesian,
  title={Bayesian nonparametric matrix factorization for recorded music},
  author={Hoffman, M. and Blei, D. and Cook, P.},
  booktitle={Proceedings of the 27th Annual International Conference on Machine Learning},
  pages={439--446},
  year={2010}
}

@inproceedings{paisley2009nonparametric,
  title={Nonparametric factor analysis with beta process priors},
  author={Paisley, John and Carin, Lawrence},
  booktitle={Proceedings of the 26th Annual International Conference on Machine Learning},
  pages={777--784},
  year={2009}
}

@incollection{paisley2015handbook,
 author = {Paisley, J. and Blei, D. and Jordan, M.I.},
  year={2015},
  title={Bayesian nonnegative matrix factorization with stochastic variational inference},
  booktitle={Handbook of Mixed Membership Models and Their Applications},
  editor={E.M. Airoldi and D. Blei and E.A. Erosheva and S.E. Fienberg},
  publisher={Chapman and Hall/CRC}
  } 


@inproceedings{lafferty2006correlated,
  title={Correlated topic models},
  author={Lafferty, John and Blei, David},
  booktitle={Advances in Neural Information Processing Systems, Proceedings of the 2005 conference},
  pages={147--155},
  year={2006},
  organization={Citeseer}
}

@article{wang2013variational,
  title={Variational Inference in Nonconjugate Models},
  author={Wang, Chong and Blei, David M.},
  journal={Journal of Machine Learning Research},
  volume={14},
  pages={899--925},
  year={2013}
}

@inproceedings{jebara2012majorization,
  title={Majorization for CRFs and Latent Likelihoods},
  author={Jebara, Tony and Choromanska, Anna},
  booktitle={Advances in Neural Information Processing Systems},
  volumn={25},
  pages={566--574},
  year={2012}
}

@book{Bishop:2006:PRM:1162264,
 author = {Bishop, Christopher M.},
 title = {Pattern Recognition and Machine Learning (Information Science and Statistics)},
 year = {2006},
 publisher = {Springer-Verlag New York, Inc.},
} 

@inproceedings{bansal2005bandwidth,
  title={Bandwidth expansion of narrowband speech using non negative matrix factorization},
  author={Bansal, Dhananjay and Raj, Bhiksha and Smaragdis, Paris},
  booktitle={9th European Conference on Speech Communication (Eurospeech)},
  year={2005}
}

@article{fevotte2009nonnegative,
  title={Nonnegative matrix factorization with the {I}takura-{S}aito divergence: with application to music analysis},
  author={F{\'e}votte, C{\'e}dric and Bertin, Nancy and Durrieu, Jean-Louis},
  journal={Neural Computation},
  volume={21},
  number={3},
  pages={793--830},
  year={2009},
  publisher={MIT Press}
}

@article{vincent2006performance,
  title={Performance measurement in blind audio source separation},
  author={Vincent, Emmanuel and Gribonval, R{\'e}mi and F{\'e}votte, C{\'e}dric},
  journal={Audio, Speech, and Language Processing, IEEE Transactions on},
  volume={14},
  number={4},
  pages={1462--1469},
  year={2006},
  publisher={IEEE}
}

@article{seung2001algorithms,
  title={Algorithms for non-negative matrix factorization},
  author={Lee, Daniel D. and Seung, H. Sebastian},
  journal={Advances in Neural Information Processing Systems},
  volume={13},
  pages={556--562},
  year={2001}
}

@article{jordan1999introduction,
  title={An introduction to variational methods for graphical models},
  author={Jordan, M. I. and Ghahramani, Z. and Jaakkola, T. S. and Saul, L. K.},
  journal={Machine learning},
  volume={37},
  number={2},
  pages={183--233},
  year={1999},
  publisher={Springer}
}

@article{hjort1990nonparametric,
  title={Nonparametric Bayes estimators based on Beta Processes in models for life history data},
  author={Hjort, Nils Lid},
  journal={The Annals of Statistics},
  pages={1259--1294},
  year={1990},
  publisher={JSTOR}
}

@inproceedings{smaragdis2003non,
  title={Non-negative matrix factorization for polyphonic music transcription},
  author={Smaragdis, Paris and Brown, Judith C.},
  booktitle={Applications of Signal Processing to Audio and Acoustics, 2003 IEEE Workshop on.},
  pages={177--180},
  year={2003},
  organization={IEEE}
}

@inproceedings{abdallah2004polyphonic,
  title={Polyphonic music transcription by non-negative sparse coding of power spectra},
  author={Abdallah, Samer A. and Plumbley, Mark D.},
  booktitle={Proceedings of the 5th International Society for Music Information Retrieval Conference},
  pages={10--14},
  year={2004}
}

@INPROCEEDINGS{BoulangerLewandowski+al-ISMIR-2012,
     author = {Boulanger-Lewandowski, Nicolas and Bengio, Yoshua and Vincent, Pascal},
      title = {Discriminative Non-negative Matrix Factorization for Multiple Pitch Estimation},
  booktitle = {Proceedings of the 13th International Society for Music Information Retrieval Conference},
       year = {2012}
}

@article{virtanen2007monaural,
  title={Monaural sound source separation by nonnegative matrix factorization with temporal continuity and sparseness criteria},
  author={Virtanen, Tuomas},
  journal={Audio, Speech, and Language Processing, IEEE Transactions on},
  volume={15},
  number={3},
  pages={1066--1074},
  year={2007},
  publisher={IEEE}
}

@article{ozerov2010multichannel,
  title={Multichannel nonnegative matrix factorization in convolutive mixtures for audio source separation},
  author={Ozerov, Alexey and F{\'e}votte, C{\'e}dric},
  journal={Audio, Speech, and Language Processing, IEEE Transactions on},
  volume={18},
  number={3},
  pages={550--563},
  year={2010},
  publisher={IEEE}
}

@article{wilcoxon1945individual,
  title={Individual comparisons by ranking methods},
  author={Wilcoxon, Frank},
  journal={Biometrics bulletin},
  volume={1},
  number={6},
  pages={80--83},
  year={1945},
  publisher={JSTOR}
}

@inproceedings{thibaux2007hierarchical,
  title={Hierarchical beta processes and the {I}ndian buffet process},
  author={Thibaux, Romain and Jordan, Michael I.},
  booktitle={International Conference on Artificial Intelligence and Statistics},
  year={2007}
}

@inproceedings{DosMilVan2009a,
Author =        {Doshi-Velez, Finale and Miller, Kurt T. and {Van Gael}, Jurgen and Teh, Yee Whye},
Title =         {Variational Inference for the {I}ndian Buffet Process},
Booktitle =     {International Conference on 
                Artificial Intelligence and Statistics},
Year =          {2009}}

@article{hoffman2013stochastic,
  title={Stochastic variational inference},
  author={Hoffman, M. and Blei, D. and Wang, C. and Paisley, J.},
  journal={The Journal of Machine Learning Research},
  volume={14},
  number={1},
  pages={1303--1347},
  year={2013},
}

@article{gopalan2013scalable,
  title={Scalable Recommendation with {P}oisson Factorization},
  author={Gopalan, P. and Hofman, J. and Blei, D.},
  journal={arXiv preprint arXiv:1311.1704},
  year={2013}
}

@inproceedings{liang2013beta,
  title={Beta Process Sparse Nonnegative Matrix Factorization for Music},
  author={Liang, D. and Hoffman, M. and Ellis, D.},
  booktitle={Proceedings of the International Society for Music Information Retrieval Conference},
  pages={375-380},
  year={2013}
}

@inproceedings{blei2003modeling,
  title={Modeling annotated data},
  author={Blei, D. and Jordan, M.},
  booktitle={Proceedings of ACM SIGIR},
  pages={127--134},
  year={2003},
}

@inproceedings{hoffman2009easy,
  title={Easy As {CBA}: A Simple Probabilistic Model for Tagging Music.},
  author={Hoffman, M. and Blei, D. and Cook, P.},
  booktitle={Proceedings of the International Society for Music Information Retrieval Conference},
  pages={369--374},
  year={2009}
}

@inproceedings{xie2011music,
  title={Music Tagging with Regularized Logistic Regression.},
  author={Xie, B. and Bian, W. and Tao, D. and Chordia, P.},
  booktitle={Proceedings of the International Society for Music Information Retrieval Conference},
  pages={711--716},
  year={2011}
}

@inproceedings{bertin2011million,
  title={The {M}illion {S}ong {D}ataset},
  author={Bertin-Mahieux, T. and Ellis, D. and Whitman, B. and Lamere, P.},
  booktitle={Proceedings of the International Society for Music Information Retrieval Conference},
  pages={591--596},
  year={2011},
}

@article{ellis2013bag,
  title={A bag of systems representation for music auto-tagging},
  author={Ellis, K. and Coviello, E. and Chan, A. and Lanckriet, G.},
  journal={Audio, Speech, and Language Processing, IEEE Transactions on},
  volume={21},
  number={12},
  pages={2554--2569},
  year={2013},
  publisher={IEEE}
}

@inproceedings{telgarsky2010hartigan,
  title={Hartigan's Method: {\it K}-means Clustering without {V}oronoi},
  author={Telgarsky, M. and Vattani, A.},
  booktitle={International Conference on Artificial Intelligence and Statistics},
  pages={820--827},
  year={2010}
}

@misc{lastfm,
  title = {{Last.fm} dataset, the official song tags and song similarity collection for the {Million Song Dataset}},
  howpublished = {\url{http://labrosa.ee.columbia.edu/millionsong/lastfm}},
}

@article{cemgil2009bayesian,
  title={Bayesian inference for nonnegative matrix factorisation models},
  author={Cemgil, A. T.},
  journal={Computational Intelligence and Neuroscience},
  year={2009},
  publisher={Hindawi Publishing Corporation}
}

@inproceedings{salakhutdinov2007probabilistic,
  title={Probabilistic Matrix Factorization.},
  author={Salakhutdinov, R. and Mnih, A.},
  booktitle={Advances in Neural Information Processing Systems},
  pages={1257--1264},
  year={2008},
}

@article{Turnbull_SemanticAudio,
	Author = {D. Turnbull and L. Barrington and D. Torres and G. Lanckriet},
	Journal = {IEEE Transactions on Audio, Speech and Language Processing},
	Number = {2},
	Pages = {467-476},
	Title = {Semantic Annotation and Retrieval of Music and Sound Effects},
	Volume = {16},
	Year = {2008}}
	

@inproceedings{eck2007automatic,
  title={Automatic generation of social tags for music recommendation},
  author={D. Eck and P. Lamere and T. Bertin-Mahieux and S. Green},
  booktitle={Advances in Neural Information Processing Systems},
  pages={385--392},
  year={2007}
}

@inproceedings{tingle2010exploring,
  title={Exploring automatic music annotation with acoustically-objective tags},
  author={Tingle, D. and Kim, Y.E. and Turnbull, D.},
  booktitle={Proceedings of the international conference on Multimedia information retrieval},
  pages={55--62},
  year={2010},
  organization={ACM}
}

@article{coviello2011time,
  title={Time series models for semantic music annotation},
  author={Coviello, Emanuele and Chan, Antoni B and Lanckriet, Gert},
  journal={Audio, Speech, and Language Processing, IEEE Transactions on},
  volume={19},
  number={5},
  pages={1343--1359},
  year={2011},
  publisher={IEEE}
}

@article{bottou1998online,
  title={Online learning and stochastic approximations},
  author={Bottou, L.},
  journal={On-line learning in neural networks},
  volume={17},
  number={9},
  year={1998},
  publisher={Cambridge Univ Pr}
}

@inproceedings{ranganath2013adaptive,
  title={An adaptive learning rate for stochastic variational inference},
  author={Ranganath, R. and Wang, C. and Blei, D. and Xing, E.},
  booktitle={Proceedings of The 30th International Conference on Machine Learning},
  pages={298--306},
  year={2013}
}

% Example bibtex file for ISMIR Template

@inproceedings{wang2011collaborative,
  title={Collaborative topic modeling for recommending scientific articles},
  author={Wang, Chong and Blei, David M.},
  booktitle={Proceedings of the 17th ACM SIGKDD International Conference on Knowledge Discovery and Data Mining},
  pages={448--456},
  year={2011},
  organization={ACM}
}

@inproceedings{van2013deep,
  title={Deep content-based music recommendation},
  author={van den Oord, A\"{a}ron and Dieleman, Sander and Schrauwen, Benjamin},
  booktitle={Advances in Neural Information Processing Systems},
  pages={2643--2651},
  year={2013}
}

@inproceedings{liang2014codebook,
  title={Codebook-based Scalable Music Tagging with {P}oisson Matrix Factorization},
  author={Liang, Dawen and Paisley, John and Ellis, Daniel P. W.},
  booktitle={Proceedings of the International Society for Music Information Retrieval Conference},
  pages={167--172},
  year={2014},
}

@incollection{gopalan2014content,
title = {Content-based recommendations with {P}oisson factorization},
author = {Gopalan, Prem K. and Charlin, Laurent and Blei, David},
booktitle = {Advances in Neural Information Processing Systems 27},
pages = {3176--3184},
year = {2014}
}

@inproceedings{krizhevsky2012imagenet,
  title={Image{N}et classification with deep convolutional neural networks},
  author={Krizhevsky, Alex and Sutskever, Ilya and Hinton, Geoffrey E.},
  booktitle={Advances in neural information processing systems},
  pages={1097--1105},
  year={2012}
}

@article{duchi2011adaptive,
  title={Adaptive subgradient methods for online learning and stochastic optimization},
  author={Duchi, John and Hazan, Elad and Singer, Yoram},
  journal={The Journal of Machine Learning Research},
  volume={12},
  pages={2121--2159},
  year={2011},
  publisher={JMLR. org}
}

@article{koren2009matrix,
  title={Matrix factorization techniques for recommender systems},
  author={Koren, Yehuda and Bell, Robert and Volinsky, Chris},
  journal={Computer},
  number={8},
  pages={30--37},
  year={2009},
  publisher={IEEE}
}

@inproceedings{mnih2007probabilistic,
  title={Probabilistic matrix factorization},
  author={Mnih, Andriy and Salakhutdinov, Ruslan},
  booktitle={Advances in neural information processing systems},
  pages={1257--1264},
  year={2007}
}

@article{blei2003latent,
  title={Latent {D}irichlet allocation},
  author={Blei, David M. and Ng, Andrew Y. and Jordan, Michael I.},
  journal={the Journal of machine Learning research},
  volume={3},
  pages={993--1022},
  year={2003},
  publisher={JMLR. org}
}

@inproceedings{yoshii2006hybrid,
  title={Hybrid Collaborative and Content-based Music Recommendation Using Probabilistic Model with Latent User Preferences.},
  author={Yoshii, Kazuyoshi and Goto, Masataka and Komatani, Kazunori and Ogata, Tetsuya and Okuno, Hiroshi G.},
  booktitle={ISMIR},
  year={2006}
}

@inproceedings{mcfee2010learning,
  title={Learning Similarity from Collaborative Filters.},
  author={McFee, Brian and Barrington, Luke and Lanckriet, Gert},
  booktitle={ISMIR},
  pages={345--350},
  year={2010}
}

@INPROCEEDINGS{Bertin-Mahieux2011,
  author = {Thierry Bertin-Mahieux and Daniel P.W. Ellis and Brian Whitman and Paul Lamere},
  title = {The {M}illion {S}ong {D}ataset},
  booktitle = {ISMIR},
  year = {2011},
}

@article{gopalan2013scalable,
  title={Scalable recommendation with poisson factorization},
  author={Gopalan, Prem and Hofman, Jake M. and Blei, David M.},
  journal={arXiv preprint arXiv:1311.1704},
  year={2013}
}

@article{jarvelin2002cumulated,
  title={Cumulated gain-based evaluation of {IR} techniques},
  author={J{\"a}rvelin, Kalervo and Kek{\"a}l{\"a}inen, Jaana},
  journal={ACM Transactions on Information Systems (TOIS)},
  volume={20},
  number={4},
  pages={422--446},
  year={2002},
  publisher={ACM}
}

@inproceedings{37180,
title = {Wsabie: Scaling Up To Large Vocabulary Image Annotation},
author  = {Jason Weston and Samy Bengio and Nicolas Usunier},
year  = 2011,
booktitle = {Proceedings of the International Joint Conference on Artificial Intelligence, IJCAI}
}

@inproceedings{wang2014improving,
  title={Improving Content-based and Hybrid Music Recommendation using Deep Learning},
  author={Wang, Xinxi and Wang, Ye},
  booktitle={Proceedings of the 22nd ACM International Conference on Multimedia},
  year={2014},
  organization={ACM Press}
}

@book{bishop2006pattern,
  title={Pattern Recognition and Machine Learning},
  author={Bishop, Christopher M},
  year={2006},
  publisher={Springer}
}

@inproceedings{mikolov2013distributed,
  title={Distributed representations of words and phrases and their compositionality},
  author={Mikolov, Tomas and Sutskever, Ilya and Chen, Kai and Corrado, Greg S and Dean, Jeff},
  booktitle={Advances in Neural Information Processing Systems},
  pages={3111--3119},
  year={2013}
}

@inproceedings{rendle2014improving,
  title={Improving pairwise learning for item recommendation from implicit feedback},
  author={Rendle, S. and Freudenthaler, C.},
  booktitle={Proceedings of the 7th ACM International Conference on Web Search and Data Mining},
  pages={273--282},
  year={2014},
  organization={ACM}
}

@inproceedings{rendle2009bpr,
  title={{BPR}: {B}ayesian personalized ranking from implicit feedback},
  author={Rendle, S. and Freudenthaler, C. and Gantner, Z. and Schmidt-Thieme, L.},
  booktitle={Proceedings of the Twenty-Fifth Conference on Uncertainty in Artificial Intelligence},
  pages={452--461},
  year={2009}
  }
  
  @inproceedings{hu2008collaborative,
  title={Collaborative filtering for implicit feedback datasets},
  author={Hu, Y. and Koren, Y. and Volinsky, C.},
  booktitle={Data Mining, 2008. ICDM'08. Eighth IEEE International Conference on},
  pages={263--272},
  year={2008},
  organization={IEEE}
}

@inproceedings{pan2008one,
  title={One-class collaborative filtering},
  author={Pan, Rong and Zhou, Yunhong and Cao, Bin and Liu, Nathan N and Lukose, Rajan and Scholz, Martin and Yang, Qiang},
  booktitle={Data Mining, 2008. ICDM'08. Eighth IEEE International Conference on},
  pages={502--511},
  year={2008},
  organization={IEEE}
}

@article{lambert1992zero,
  title={Zero-inflated {P}oisson regression, with an application to defects in manufacturing},
  author={Lambert, D.},
  journal={Technometrics},
  volume={34},
  number={1},
  pages={1--14},
  year={1992},
  publisher={Taylor \& Francis}
}

@book{imbens2015causal,
  title={Causal Inference in Statistics, Social, and Biomedical Sciences},
  author={Imbens, G. W. and Rubin, D. B.},
  year={2015},
  publisher={Cambridge University Press}
}

@inproceedings{koren2008factorization,
  title={Factorization meets the neighborhood: a multifaceted collaborative filtering model},
  author={Koren, Y.},
  booktitle={Proceedings of the 14th ACM SIGKDD international conference on Knowledge discovery and data mining},
  pages={426--434},
  year={2008},
  organization={ACM}
}

@article{chen2012svdfeature,
  title={{SVDF}eature: a toolkit for feature-based collaborative filtering},
  author={Chen, T. and Zhang, W. and Lu, Q. and Chen, K. and Zheng, Z. and Yu, Y.},
  journal={The Journal of Machine Learning Research},
  volume={13},
  number={1},
  pages={3619--3622},
  year={2012},
  publisher={JMLR. org}
}

@article{rendle2012factorization,
  title={Factorization machines with libfm},
  author={Rendle, S.},
  journal={ACM Transactions on Intelligent Systems and Technology (TIST)},
  volume={3},
  number={3},
  pages={57},
  year={2012},
  publisher={ACM}
}

@inproceedings{mnih2007probabilistic,
  title={Probabilistic matrix factorization},
  author={Mnih, A. and Salakhutdinov, R.},
  booktitle={Advances in Neural Information Processing Systems},
  pages={1257--1264},
  year={2007}
}

@inproceedings{ling12response,
  author    = {G. Ling and
               H. Yang and
               M. R. Lyu and
               I. King},
  title     = {Response Aware Model-Based Collaborative Filtering},
  booktitle = {Proceedings of the Twenty-Eighth Conference on Uncertainty in Artificial
               Intelligence, Catalina Island, CA, USA, August 14-18, 2012},
  pages     = {501--510},
  year      = {2012},
  timestamp = {Wed, 06 May 2015 15:02:56 +0200},
  bibsource = {dblp computer science bibliography, http://dblp.org}
}

@inproceedings{DBLP:conf/uai/MarlinZRS07,
  author    = {B. M. Marlin and
               R. S. Zemel and
               S. T. Roweis and
               M. Slaney},
  title     = {Collaborative Filtering and the Missing at Random Assumption},
  booktitle = {{UAI} 2007, Proceedings of the Twenty-Third Conference on Uncertainty
               in Artificial Intelligence, Vancouver, BC, Canada, July 19-22, 2007},
  pages     = {267--275},
  year      = {2007},
  timestamp = {Wed, 06 May 2015 15:02:53 +0200},
  bibsource = {dblp computer science bibliography, http://dblp.org}
}

@inproceedings{weston2011wsabie,
  title={{WSABIE}: Scaling up to large vocabulary image annotation},
  author={Weston, J. and Bengio, S. and Usunier, N.},
  booktitle = {Proceedings of the International Joint Conference on Artificial Intelligence, IJCAI},
  pages={2764--2770},
  year={2011}
}

@incollection{neal1998view,
  title={A view of the {EM} algorithm that justifies incremental, sparse, and other variants},
  author={Neal, R. M. and Hinton, G. E.},
  booktitle={Learning in Graphical Models},
  pages={355--368},
  year={1998},
  publisher={Springer}
}

@inproceedings{bertin2011million,
  title={The million song dataset},
  author={Bertin-Mahieux, T. and Ellis, D. P. W. and Whitman, B. and Lamere, P.},
  booktitle={Proceedings of the 12th International Society for Music Information Retrieval Conference},
  pages={591--596},
  year={2011}
}

@article{jarvelin2002cumulated,
  title={Cumulated gain-based evaluation of {IR} techniques},
  author={J{\"a}rvelin, K. and Kek{\"a}l{\"a}inen, J.},
  journal={ACM Transactions on Information Systems (TOIS)},
  volume={20},
  number={4},
  pages={422--446},
  year={2002},
  publisher={ACM}
}

@inproceedings{levandoski2012lars,
  title={Lars: A location-aware recommender system},
  author={Levandoski, J. J. and Sarwat, M. and Eldawy, A. and Mokbel, M. F.},
  booktitle={Data Engineering (ICDE), 2012 IEEE 28th International Conference on},
  pages={450--461},
  year={2012},
  organization={IEEE}
}

@inproceedings{cho2011friendship,
  title={Friendship and mobility: user movement in location-based social networks},
  author={Cho, E. and Myers, S. A. and Leskovec, J.},
  booktitle={Proceedings of the 17th ACM SIGKDD International Conference on Knowledge Discovery and Data Mining},
  pages={1082--1090},
  year={2011},
  organization={ACM}
}

@article{blei2003latent,
  title={Latent {D}irichlet allocation},
  author={Blei, D. M. and Ng, A. Y. and Jordan, M. I.},
  journal={the Journal of Machine Learning Research},
  volume={3},
  pages={993--1022},
  year={2003},
  publisher={JMLR. org}
}

@book{little1986statistical,
 author = {Little, Roderick J A and Rubin, Donald B},
 title = {Statistical Analysis with Missing Data},
 year = {1986},
 isbn = {0-471-80254-9},
 publisher = {John Wiley \& Sons, Inc.},
 address = {New York, NY, USA},
} 

@inproceedings{wang2011collaborative,
  Author = {Wang, C. and Blei, D.},
  Booktitle = {Knowledge Discovery and Data Mining},
  Date-Added = {2011-06-23 05:47:59 -0400},
  Date-Modified = {2013-02-15 12:12:05 -0500},
  Keywords = {topics},
  Title = {Collaborative Topic Modeling for Recommending Scientific Articles},
  Year = {2011},
}

@inproceedings{li2010contextual,
 author = {Li, Lihong and Chu, Wei and Langford, John and Schapire, Robert E.},
 title = {A Contextual-bandit Approach to Personalized News Article Recommendation},
 booktitle = {Proceedings of the 19th International Conference on World Wide Web},
 series = {WWW '10},
 year = {2010},
 pages = {661--670},
 address = {New York, NY, USA},
} 

@inproceedings{rendle2010fm,
 author = {Rendle, Steffen},
 title = {Factorization Machines},
 booktitle = {Proceedings of the 2010 IEEE International Conference on Data Mining},
 year = {2010},
 pages = {995--1000},
} 

@inproceedings{joachims2015,
  author       = "Bach, Stephen H. and Huang, Bert and Boyd-Graber, Jordan and Getoor, Lise",
  title        = "Paired-Dual Learning for Fast Training of Latent Variable Hinge-Loss MRFs",
  booktitle    = "International Conference on Machine Learning (ICML)",
  year         = "2015",
}

@article{bottou2015counterfactual,
  author = {Bottou, L\'eon and Peters, Jonas and Qui\~{n}onero-Candela, Joaquin 
            and Charles, Denis X. and Chickering, D. Max and Portugaly, Elon 
            and Ray, Dipankar and Simard, Patrice and Snelson, Ed},
  title = {Counterfactual Reasoning and Learning Systems: The Example of Computational Advertising},
  journal = {Journal of Machine Learning Research},
  year = {2013},
  volume = {14},
  pages = {3207--3260},
}

@inproceedings{swaminathan2015counterfactual,
 author = {Swaminathan, Adith and Joachims, Thorsten},
 title = {Counterfactual Risk Minimization},
 booktitle = {Proceedings of the 24th International Conference on World Wide Web},
 series = {WWW '15 Companion},
 year = {2015},
 pages = {939--941},
} 

@book{pearl2009causality,
 author = {Pearl, Judea},
 title = {Causality: Models, Reasoning and Inference},
 year = {2009},
 isbn = {052189560X, 9780521895606},
 edition = {2nd},
 publisher = {Cambridge University Press},
 address = {New York, NY, USA},
} 

@article{rubin1974ece,
  Author = {D.B. Rubin},
  Date-Added = {2009-12-23 15:13:03 -0800},
  Date-Modified = {2009-12-23 15:13:03 -0800},
  Journal = {Journal of Educational Psychology},
  Number = {5},
  Pages = {688--701},
  Title = {{Estimating causal effects of treatments in randomized and nonrandomized studies}},
  Volume = {66},
  Year = {1974}}

@inproceedings{gopalan2014content,
  title={Content-based recommendations with {P}oisson factorization},
  author={Gopalan, Prem K and Charlin, Laurent and Blei, David},
  booktitle={Advances in Neural Information Processing Systems},
  pages={3176--3184},
  year={2014}
}

@book{gelman2006data,
  title={Data Analysis Using Regression and Multilevel/Hierarchical Models},
  author={Gelman, Andrew and Hill, Jennifer},
  year={2006},
  publisher={Cambridge University Press}
}

@article{ishwaran2005spike,
  title={Spike and slab variable selection: frequentist and {B}ayesian strategies},
  author={Ishwaran, Hemant and Rao, J Sunil},
  journal={Annals of Statistics},
  pages={730--773},
  year={2005},
  publisher={JSTOR}
}

@inproceedings{paquet2013one,
  title={One-class collaborative filtering with random graphs},
  author={Paquet, Ulrich and Koenigstein, Noam},
  booktitle={Proceedings of the 22nd international conference on World Wide Web},
  pages={999--1008},
  year={2013},
}

@article{wainwright2008graphical,
  title={Graphical models, exponential families, and variational inference},
  author={Wainwright, Martin J and Jordan, Michael I},
  journal={Foundations and Trends{\textregistered} in Machine Learning},
  volume={1},
  number={1-2},
  pages={1--305},
  year={2008},
  publisher={Now Publishers Inc.}
}

@article{dempster1977maximum,
  title={Maximum likelihood from incomplete data via the {EM} algorithm},
  author={Dempster, Arthur P and Laird, Nan M and Rubin, Donald B},
  journal={Journal of the Royal Statistical Society. Series B (Methodological)},
  pages={1--38},
  year={1977},
  publisher={JSTOR}
}

@article{smith1993bayesian,
  title={Bayesian computation via the {G}ibbs sampler and related {M}arkov chain {M}onte {C}arlo methods},
  author={Smith, Adrian FM and Roberts, Gareth O},
  journal={Journal of the Royal Statistical Society. Series B (Methodological)},
  pages={3--23},
  year={1993},
  publisher={JSTOR}
}

@inproceedings{charlin2015dynamic,
  title={Dynamic {P}oisson Factorization},
  author={Charlin, Laurent and Ranganath, Rajesh and McInerney, James and Blei, David M},
  booktitle={Proceedings of the 9th ACM Conference on Recommender Systems},
  pages={155--162},
  year={2015},
}

@inproceedings{HernandezLobato14nmar,
  author    = {Jos{\'{e}} Miguel Hern{\'{a}}ndez{-}Lobato and
               Neil Houlsby and
               Zoubin Ghahramani},
  title     = {Probabilistic Matrix Factorization with Non-random Missing Data},
  booktitle = {Proceedings of the 31th International Conference on Machine Learning,
               {ICML}},
  pages     = {1512--1520},
  year      = {2014},
}

@inproceedings{Liang16exposure,
 author = {Liang, Dawen and Charlin, Laurent and McInerney, James and Blei, David M.},
 title = {Modeling User Exposure in Recommendation},
 booktitle = {Proceedings of the 25th International Conference on World Wide Web},
 year = {2016},
 pages = {951--961},
 numpages = {11},
 keywords = {collaborative filtering, matrix factorization, recommender systems},
}


@inproceedings{Gopalan:2015,
  Author = {Gopalan, P. and Hofman, J. and Blei, D.},
  Booktitle = {Uncertainty in Artificial Intelligence},
  Title = {Scalable Recommendation with Hierarchical {P}oisson Factorization},
  Year = {2015}}

@inproceedings{Marlin09NMAR,
 author = {Marlin, Benjamin M. and Zemel, Richard S.},
 title = {Collaborative Prediction and Ranking with Non-random Missing Data},
 booktitle = {Proceedings of the Third ACM Conference on Recommender Systems},
 year = {2009},
 location = {New York, New York, USA},
 pages = {5--12},
} 

@inproceedings{schnabel16treatment,
  author =   {T. Schnabel and A. Swaminathan and A. Singh and N. Chandak and T. Joachims},
  title =    {Recommendations as Treatments: Debiasing Learning and Evaluation},
  booktitle = {International Conference on Machine Learning (ICML)},
  year =   2016}

  @book{morgan2014counterfactuals,
  title={Counterfactuals and Causal Inference},
  author={Morgan, Stephen L and Winship, Christopher},
  year={2014},
  publisher={Cambridge University Press}
}

@book{little2014statistical,
  title={Statistical analysis with missing data},
  author={Little, Roderick JA and Rubin, Donald B},
  year={2014},
  publisher={John Wiley \& Sons}
}

@inproceedings{sarwar2001item,
  title={Item-based collaborative filtering recommendation algorithms},
  author={Sarwar, B. and Karypis, G. and Konstan, J. and Riedl, J.},
  booktitle={Proceedings of the 10th international conference on World Wide Web},
  pages={285--295},
  year={2001},
  organization={ACM}
}

@article{blei2016variational,
  title={Variational Inference: A Review for {S}tatisticians},
  author={Blei, D. M. and Kucukelbir, A. and McAuliffe, J. D.},
  journal={arXiv preprint arXiv:1601.00670},
  year={2016}
}

@article{neal1993probabilistic,
  title={Probabilistic inference using Markov chain Monte Carlo methods},
  author={Neal, Radford M},
  year={1993},
  publisher={Department of Computer Science, University of Toronto Toronto, Canada}
}

@book{robert2013monte,
  title={Monte Carlo statistical methods},
  author={Robert, Christian and Casella, George},
  year={2013},
  publisher={Springer Science \& Business Media}
}

@article{angelino2016patterns,
  title={Patterns of Scalable Bayesian Inference},
  author={Angelino, Elaine and Johnson, Matthew James and Adams, Ryan P},
  journal={arXiv preprint arXiv:1602.05221},
  year={2016}
}

@article{DBLP:journals/jmlr/AiroldiBFX08,
  author    = {Edoardo M. Airoldi and
               David M. Blei and
               Stephen E. Fienberg and
               Eric P. Xing},
  title     = {Mixed Membership Stochastic Blockmodels},
  journal   = {Journal of Machine Learning Research},
  volume    = {9},
  pages     = {1981--2014},
  year      = {2008},
}

@article{bertsekas1999nonlinear,
  title={Nonlinear programming},
  author={Bertsekas, Dimitri P},
  year={1999},
  publisher={Athena scientific}
}

@book{beal2003variational,
  title={Variational algorithms for approximate Bayesian inference},
  author={Beal, Matthew James},
  year={2003},
  publisher={University of London London}
}

@article{rosenbaum1983central,
  title={The central role of the propensity score in observational studies for causal effects},
  author={Rosenbaum, Paul R and Rubin, Donald B},
  journal={Biometrika},
  volume={70},
  number={1},
  pages={41--55},
  year={1983},
  publisher={Biometrika Trust}
}

@book{friedman2001elements,
  title={The Elements of Statistical Learning},
  author={Hastie, Trevor and Tibshirani, Robert and Friedman, Jerome},
  year={2009},
  publisher={Springer Series in Statistics}
}

@article{srivastava2014dropout,
  title={Dropout: A simple way to prevent neural networks from overfitting},
  author={Srivastava, Nitish and Hinton, Geoffrey and Krizhevsky, Alex and Sutskever, Ilya and Salakhutdinov, Ruslan},
  journal={The Journal of Machine Learning Research},
  volume={15},
  number={1},
  pages={1929--1958},
  year={2014},
  publisher={JMLR. org}
}

@inproceedings{chaney2015probabilistic,
  title={A probabilistic model for using social networks in personalized item recommendation},
  author={Chaney, Allison JB and Blei, David M and Eliassi-Rad, Tina},
  booktitle={Proceedings of the 9th ACM Conference on Recommender Systems},
  pages={43--50},
  year={2015},
  organization={ACM}
}

@inproceedings{guo2015trustsvd,
  title={TrustSVD: Collaborative Filtering with Both the Explicit and Implicit Influence of User Trust and of Item Ratings.},
  author={Guo, Guibing and Zhang, Jie and Yorke-Smith, Neil},
  booktitle={AAAI},
  pages={123--129},
  year={2015}
}

@inproceedings{ma2009learning,
  title={Learning to recommend with social trust ensemble},
  author={Ma, Hao and King, Irwin and Lyu, Michael R},
  booktitle={Proceedings of the 32nd international ACM SIGIR conference on Research and development in information retrieval},
  pages={203--210},
  year={2009},
  organization={ACM}
}

@inproceedings{ma2008sorec,
  title={Sorec: social recommendation using probabilistic matrix factorization},
  author={Ma, Hao and Yang, Haixuan and Lyu, Michael R and King, Irwin},
  booktitle={Proceedings of the 17th ACM Conference on Information and Knowledge Management},
  pages={931--940},
  year={2008},
  organization={ACM}
}

@inproceedings{ma2011recommender,
  title={Recommender systems with social regularization},
  author={Ma, Hao and Zhou, Dengyong and Liu, Chao and Lyu, Michael R and King, Irwin},
  booktitle={Proceedings of the fourth ACM International Conference on Web Search and Data Mining},
  pages={287--296},
  year={2011},
  organization={ACM}
}

@inproceedings{vanchinathan14explore,
  Author = {Hastagiri Vanchinathan and Isidor Nikolic and Fabio {De Bona} and Andreas Krause},
  Booktitle = {Proc. ACM Recommender Systems Conference (RecSys)},
  Title = {Explore-Exploit in Top-N Recommender Systems via {G}aussian Processes},
  Year = {2014}
}

@inproceedings{zhao13interactive,
 author = {Zhao, Xiaoxue and Zhang, Weinan and Wang, Jun},
 title = {Interactive collaborative filtering},
 booktitle = {Proceedings of the 22nd ACM International Conference on Information and Knowledge Management},
 year = {2013},
 pages = {1411--1420},
 numpages = {10},
 keywords = {exploitation-exploration, interactive collaborative filtering, personalization, recommender systems},
} 

@Inproceedings{li15counterfactual,
author       = {Lihong Li and Shunbao Chen and Jim Kleban and Ankur Gupta},
booktitle    = {Proceedings of the 24th International World Wide Web Conference (WWW'14),
                Companion Volume},
title        = {Counterfactual Estimation and Optimization of Click Metrics in Search Engines: A
                Case Study},
year         = {2015},
}

@inproceedings{liang15content,
  title={Content-Aware Collaborative Music Recommendation Using Pre-trained Neural Networks
},
  author={Liang, Dawen and Zhan, Minshu and Ellis, Daniel P. W.},
  booktitle={Proceedings of the 16th International Society for Music Information Retrieval Conference},
  pages={295--301},
  year={2015}
}

@article{liang16causal,
  title={Causal Inference for Recommendation
},
  author={Liang, Dawen and Charlin, Laurent and Blei, David M.},
  journal={under review},
  year={2016}
}

@inproceedings{DBLP:conf/aistats/RanganathGB14,
  author    = {Rajesh Ranganath and
               Sean Gerrish and
               David M. Blei},
  title     = {Black Box Variational Inference},
  booktitle = {Proceedings of the Seventeenth International Conference on Artificial
               Intelligence and Statistics},
  pages     = {814--822},
  year      = {2014},
}

@article{kingma2013auto,
  title={Auto-encoding variational bayes},
  author={Kingma, Diederik P and Welling, Max},
  journal={arXiv preprint arXiv:1312.6114},
  year={2013}
}

@misc{tran2016edward,
  author = {Dustin Tran and David M. Blei and Alp Kucukelbir and Adji Dieng and Maja Rudolph and Dawen Liang},
  title = {{Edward: A library for probabilistic modeling, inference, and criticism}},
  year = {2016},
  url = {https://github.com/blei-lab/edward}
}

@inproceedings{kucukelbir2015automatic,
  title={Automatic variational inference in stan},
  author={Kucukelbir, Alp and Ranganath, Rajesh and Gelman, Andrew and Blei, David},
  booktitle={Advances in Neural Information Processing Systems},
  pages={568--576},
  year={2015}
}

@article{box1976science,
  title={Science and statistics},
  author={Box, George EP},
  journal={Journal of the American Statistical Association},
  volume={71},
  number={356},
  pages={791--799},
  year={1976},
  publisher={Taylor \& Francis}
}

@article{blei2014build,
  title={Build, compute, critique, repeat: Data analysis with latent variable models},
  author={Blei, David M},
  journal={Annual Review of Statistics and Its Application},
  volume={1},
  pages={203--232},
  year={2014},
  publisher={Annual Reviews}
}

@article{gopalan2013efficient,
  title={Efficient discovery of overlapping communities in massive networks},
  author={Gopalan, Prem K and Blei, David M},
  journal={Proceedings of the National Academy of Sciences},
  volume={110},
  number={36},
  pages={14534--14539},
  year={2013},
  publisher={National Acad Sciences}
}

@article{raftery2012fast,
  title={Fast inference for the latent space network model using a case-control approximate likelihood},
  author={Raftery, Adrian E and Niu, Xiaoyue and Hoff, Peter D and Yeung, Ka Yee},
  journal={Journal of Computational and Graphical Statistics},
  volume={21},
  number={4},
  pages={901--919},
  year={2012},
  publisher={Taylor \& Francis}
}

@article{rubin1978bayesian,
  title={Bayesian inference for causal effects: The role of randomization},
  author={Rubin, Donald B},
  journal={The Annals of statistics},
  pages={34--58},
  year={1978},
  publisher={JSTOR}
}

